@book{book:1,
AUTHOR={Alexandru Colesnicov,Ludmila Malahova},
TITLE={Latex prin exemple},
PUBLISHER={},
YEAR={2001},
}

@book{book:2,
   title ={Grafuri.Noțiuni.Algoritmi.Implementări},
   author = {Sergiu Corlat, Andrei Corlat},
   year =      {2012},
  }

@online{3,
   title ={Parcurgerea în adâncime în Java},
   year ={2017},
   url={https://java2blog.com/depth-first-search-in-java/},
   urldate={2017-12-13},
}

@book{4,
   title = {Bibliography management with bibtex},
   url={https://www.sharelatex.com/learn/Bibliography_management_with_bibtex},
   
}